%% Created using Papers on Tue, 17 Mar 2015.
%% http://papersapp.com/papers/

@article{Anderson:2013bh,
author = {Anderson, Paul and Bijani, Shahriar and Herry, Herry},
title = {{Multi-agent Virtual Machine Management Using the Lightweight Coordination Calculus.}},
journal = {T. Computational Collective Intelligence ()},
year = {2013},
volume = {8240},
number = {Chapter 7},
pages = {123--142}
}

@article{Xu:2010df,
author = {Xu, Jing and Fortes, Jos{\'e} A B},
title = {{Multi-Objective Virtual Machine Placement in Virtualized Data Center Environments.}},
journal = {GreenCom/CPSCom},
year = {2010},
pages = {179--188}
}

@article{Wuhib:2012vq,
author = {Wuhib, Fetahi and Stadler, Rolf and Lindgren, Hans},
title = {{Dynamic resource allocation with management objectives - Implementation for an OpenStack cloud.}},
journal = {CNSM},
year = {2012},
pages = {309--315}
}

@article{Fernando:2013ip,
author = {Fernando, Niroshinie and Loke, Seng Wai and Rahayu, Wenny},
title = {{Mobile cloud computing: A survey.}},
journal = {Future Generation Comp. Syst. ()},
year = {2013},
volume = {29},
number = {1},
pages = {84--106}
}

@article{He:2012jr,
author = {He, Sijin and Guo, Li and Ghanem, Moustafa and Guo, Yike},
title = {{Improving Resource Utilisation in the Cloud Environment Using Multivariate Probabilistic Models.}},
journal = {IEEE CLOUD},
year = {2012},
pages = {574--581}
}

@article{Xu:2014do,
author = {Xu, Xin and Yu, Huiqun},
title = {{A Game Theory Approach to Fair and Efficient Resource Allocation in Cloud Computing}},
journal = {Mathematical Problems in Engineering},
year = {2014},
volume = {2014},
pages = {1--14}
}

@article{Feller:2012kf,
author = {Feller, Eugen and Rohr, Cyril and Margery, David and Morin, Christine},
title = {{Energy Management in IaaS Clouds: A Holistic Approach.}},
journal = {IEEE CLOUD},
year = {2012},
pages = {204--212}
}

@article{Chard:2010eh,
author = {Chard, Kyle and Caton, Simon and Rana, Omer and Bubendorfer, Kris},
title = {{Social Cloud: Cloud Computing in Social Networks.}},
journal = {IEEE CLOUD},
year = {2010},
pages = {99--106}
}

@article{Meng:2010im,
author = {Meng, Xiaoqiao and Pappas, Vasileios and 0002, Li Zhang},
title = {{Improving the Scalability of Data Center Networks with Traffic-aware Virtual Machine Placement.}},
journal = {INFOCOM},
year = {2010},
pages = {1154--1162}
}

@article{Armbrust:2010ee,
author = {Armbrust, Michael and Fox, Armando and Griffith, Rean and Joseph, Anthony D and Katz, Randy H and Konwinski, Andy and Lee, Gunho and Patterson, David A and Rabkin, Ariel and Stoica, Ion and Zaharia, Matei},
title = {{A view of cloud computing.}},
journal = {Commun. ACM ()},
year = {2010},
volume = {53},
number = {4},
pages = {50--58}
}

@article{Nakada:2009in,
author = {Nakada, Hidemoto and Hirofuchi, Takahiro and Ogawa, Hirotaka and Itoh, Satoshi},
title = {{Toward Virtual Machine Packing Optimization Based on Genetic Algorithm.}},
journal = {IWANN},
year = {2009},
volume = {5518},
number = {Chapter 96},
pages = {651--654}
}

@inproceedings{Zhang:2011dq,
author = {Zhang, Xiao Ming and Zhang, Ning},
title = {{An Open, Secure and Flexible Platform Based on Internet of Things and Cloud Computing for Ambient Aiding Living and Telemedicine}},
booktitle = {Computer and Management (CAMAN), 2011 International Conference on},
year = {2011},
pages = {1--4},
publisher = {IEEE}
}

@article{Sultan:2010fd,
author = {Sultan, Nabil},
title = {{Cloud computing for education: A new dawn?}},
journal = {Int J. Information Management ()},
year = {2010},
volume = {30},
number = {2},
pages = {109--116}
}

@article{Goudarzi:2012gw,
author = {Goudarzi, Hadi and Pedram, Massoud},
title = {{Energy-Efficient Virtual Machine Replication and Placement in a Cloud Computing System.}},
journal = {IEEE CLOUD},
year = {2012},
pages = {750--757}
}

@article{Corradi:2014fe,
author = {Corradi, Antonio and Fanelli, Mario and Foschini, Luca},
title = {{VM consolidation: A real case based on OpenStack Cloud.}},
journal = {Future Generation Comp. Syst. ()},
year = {2014},
volume = {32},
pages = {118--127}
}

@article{beloglazov2014openstack,
author = {Beloglazov, Anton and Buyya, Rajkumar},
title = {{OpenStack Neat: a Framework for Dynamic and Energy-efficient Consolidation of Virtual Machines in OpenStack Clouds}},
journal = {Concurrency and Computation: Practice and Experience},
year = {2014}
}

